@misc{Authors10,
	author = {Authors},
	title = {The frobnicatable foo filter},
	note = {{E}CCV10 submission ID 324. Supplied as additional material {\tt eccv08.pdf}},
	year = 2010
}

@misc{Authors10b,
	author = {Authors},
	title = {Frobnication tutorial},
	note = {Supplied as additional material {\tt tr.pdf}},
	year = 2010
}

@article{Alpher02,
	author = {Alpher, A.},
	title = {Frobnication},
	journal = {Journal of Foo},
	volume = 12,
	number = 1,
	pages = {234--778},
	year = 2002
}

@article{Alpher03,
	author = {Alpher, A. and Fotheringham-Smythe, J.~P.~N.},
	title = {Frobnication revisited},
	journal = {Journal of Foo},
	volume = 13,
	number = 1,
	pages = {234--778},
	year = 2003
}

@article{Alpher04,
	author = {Alpher, A. and Fotheringham-Smythe, J.~P.~N. and Gamow, G.},
	title = {Can a machine frobnicate?},
	journal = {Journal of Foo},
	volume = 14,
	number = 1,
	pages = {234--778},
	year = 2004,
}

@article{jour,
	author = {Zuthor, Z.},
	title = {My Journal Article},
	journal = {J. Mol. Biol.},
	year = {1981},
	volume = {147},
	pages = {195-197},

}

@incollection{lncschap,
	author = {Zuthor, Z. and Zuthor, B.},
	title = {My {GCPR} Paper},
	year = {2014},
	booktitle = {GCPR},
	volume = {4128},
	series = {LNCS},
	editor = {Editor, W. and Editor, W.},
	publisher = {Springer Heidelberg},
	pages = {1148-1158},
}

@book{book,
	title = {My Book},
	publisher = {Morgan Kaufmann},
	year = {1999},
	author = {Z. Zuthor},
	address = {San Francisco},
}

@inproceedings{proceeding1,
	author = {Zuthor, Z.},
	booktitle = {CVPR},
	title = {My Conference Paper},
	year = {2001},
	pages = {181-194},
	address = {New York},
	publisher = {IEEE Press},
}

@TechReport{proceeding2,
	author = {Zuthor, Z.},
	title = {My Report},
	institution = {My Institute},
	year = {2002},
}

@Misc{url,
	title = {National Center for Biotechnology Information},
	url = {http://www.ncbi.nlm.nih.gov},
}


