% ============================================================
% bachelor thesis \/

@misc{Stutz:2014,
    author = {D. Stutz},
    title = {Superpixel Segmentation using Depth Information. {B.Sc.} Thesis, {Computer Vision Group}, {RWTH Aachen University}, {Aachen}, {Germany} ({September} 2014)},
    howpublished = {http://davidstutz.de/projects/superpixelsseeds/},
}

% ============================================================
% superpixel algorithms \/

% SLIC Superpixels
@techreport{AchantaShajiSmithLucchiFuaSuesstrunk:2010,
    author = {R. Achanta and A. Shaji and K. Smith and A. Lucchi and P. Fua and S. S{\"u}sstrunk},
    title = {{SLIC} Superpixels},
    institution = {{\'E}cole Polytechnique F{\'e}d{\'e}rale de Lausanne},
    address = {Lusanne, Switzerland},
    month = {June},
    year = {2010},
}

% F & H Superpixels
@article{FelzenswalbHuttenlocher:2004,
    author = {P. F. Felzenswalb and D. P. Huttenlocher},
    title = {Efficient Graph-Based Image Segmentation},
    month = {September},
    year = {2004},
    FULLinstitution = {Massachusetts Institute of Technology and Cornell University},
    journal = {Int. J. Comput. Vision},
    FULLjounral = {Computer Vision, International Journal of},
    publisher={Kluwer Academic Publishers},
    pages = {167--181},
    volume = {59},
    number = {2},
}

% Entropy Rate Superpixels
@inproceedings{LiuTuzelRamalingamChellappa:2011,
    author = {M. Y. Lui and O. Tuzel and S. Ramalingam and R. Chellappa},
    title = {Entropy Rate Superpixel Segmentation},
    FULLbooktitle = {Computer Vision and Pattern Recognition, Converence on},
    booktitle = {CVPR},
    publisher = {IEEE Computer Society},
    year = {2011},
    month = {June},
    pages = {2097--2104},
    address = {Providence, RI},
}

% TurboPixels
@article{LevinshteinStereKutulakosFleetDickinsonSiddiqi:2009,
    author = {A. Levinshtein and A. Stere and K. N. Kutulakos and D. J. Fleet and S. J. Dickinson and K. Siddiqi},
    title = {{TurboPixels}: Fast Superpixels Using Geometric Flows},
    FULLjournal = {Pattern Analysis and Machine Intelligence, Transactions on},
    journal = {IEEE Trans. Pattern Anal. Mach. Intell.},
    year = {2009},
    month = {December},
    volume = {31},
    number = {12},
    pages = {2290--2297},
    publisher = {IEEE Computer Society},
    address = {Washington, DC},
}

% Superpixels Lattices
@inproceedings{MoorePrinceWarrellMohammedJones:2008,
    author = {A. P. Moore and S. J. D. Prince and J. Warrell and U. Mohammed and G. Jones},
    title = {Superpixel Lattices},
    FULLbooktitle = {Computer Vision and Pattern Recognition, Conference on},
    booktitle = {CVPR},
    publisher = {IEEE Computer Society},
    year = {2008},
    month = {June},
    pages = {1--8},
    address = {Anchorage, AK},
}

% Superpixel NCut
@inproceedings{RenMalik:2003,
    author = {X. Ren and J. Malik},
    title = {Learning a Classification Model for Segmentation},
    FULLbooktitle = {Computer Vision, International Conference on},
    booktitle = {ICCV},
    publisher = {IEEE Computer Society},
    year = {2003},
    month = {October},
    pages = {10--17},
    address = {Nice, France},
}

% NCut
@article{ShiMalik:2000,
    author = {J. Shi and J. Malik},
    title = {Normalized Cuts and Image Segmentation},
    FULLjournal = {Pattern Analysis and Machine Intelligence, Transactions on},
    journal = {IEEE Trans. Pattern Anal. Mach. Intell.},
    publisher = {IEEE Computer Society},
    address = {Washington, DC},
    year = {2000},
    month = {August},
    volume = {22},
    number = {8},
    pages = {888--905},
}

% Compact Superpixels and Constant Intensity Superpixels
@incollection{VekslerBoykovMehrani:2010,
    author = {O. Veksler and Y. Boykov and P. Mehrani},
    title = {Superpixels and Supervoxels in an Energy Optimization Framework},
    FULLbooktitle = {Computer Vision, European Conference on},
    booktitle = {ECCV},
    location = {Heraklion, Greece},
    volume = {6315},
    FULLseries={Lecture Notes in Computer Science},
    series = {LNCS},
    month = {September},
    year = {2010},
    pages = {211--224},
    publisher = {Springer},
    address = {Berlin, Heidelberg, Germany},
    editor = {Daniilidis, K. and Maragos, P. and Paragios, N.},
}

% Geodesic Superpixels
@inproceedings{ZengWangWangGanZha:2011,
    author = {G. Zeng and P. Wang and J. Wang and R. Gan and H. Zha},
    title = {Structure-sensitive Superpixels via geodesic Distance},
    FULLbooktitle = {Computer Vision, International Conference on},
    booktitle = {ICCV},
    publisher = {IEEE Computer Society},
    year = {2011},
    month = {November},
    pages = {447--454},
    address = {Barcelona, Spain},
}

% Pseudo-Boolean Optimization Superpixels
@inproceedings{ZhangHartleyMashfordBurn:2011,
    author = {Y. Zhang and R. Hartley and J. Mashford and S. Burn},
    title = {Superpixels via Pseudo-Boolean Optimization},
    FULLbooktitle = {Computer Vision, International Conference on},
    booktitle = {ICCV},
    publisher = {IEEE Computer Society},
    year = {2011},
    month = {November},
    pages = {1387--1394},
    address = {Barcelona, Spain},
}

% Quick Shift
@incollection{VedaldiSoatto:2008,
    author = {A. Vedaldi and S. Soatto},
    title = {Quick Shift and Kernel Methods for Mode Seeking},
    FULLbooktitle = {Computer Vision, European Conference on},
    booktitle = {ECCV},
    location = {Marseille, France},
    volume={5305},
    FULLseries={Lecture Notes in Computer Science},
    series = {LNCS},
    month = {October},
    year = {2008},
    pages = {705--718},
    publisher={Springer},
    address = {Berlin, Heidelberg, Germany},
    editor = {D. A. Forsyth and P. H. S. Torr and A. Zisserman},
}

% SEEDS
@incollection{VanDenBerghBoixRoigCapitaniVanGool:2012,
    author = {M. {Van den Bergh} and X. Boix and G. Roig and B. de Capitani and L. van Gool},
    title = {{SEEDS}: Superpixels Extracted via Energy-Driven Sampling},
    FULLbooktitle = {Computer Vision, European Conference on},
    booktitle = {ECCV},
    location = {Florence, Italy},
    volume={7578},
    FULLseries={Lecture Notes in Computer Science},
    series = {LNCS},
    monht = {October},
    year = {2012},
    pages = {13--26},
    publisher={Springer},
    address = {Berlin, Heidelberg, Germany},
    editor = {A. W. Fitzgibbon and S. Lazebnik and P. Perona and Y. Sato and C. Schmid},
}

@article{VanDenBerghBoixRoigVanGool:2013,
    author = {M. {Van den Bergh} and X. Boix and G. Roig and L. J. Van Gool},
    title = {{SEEDS:} Superpixels Extracted via Energy-Driven Sampling},
    journal = {CoRR},
    volume = {abs/1309.3848},
    year = {2013},
    url = {http://arxiv.org/abs/1309.3848},
}

% Depth-Adaptive Superpixels (DASP)
@inproceedings{WeikersdorferGossowBeetz:2012,
    author = {D. Weikersdorfer and D. Gossow and M. Beetz},
    title = {Depth-Adaptive Superpixels},
    FULLbooktitle = {Pattern Recognition, International Conference on},
    booktitle = {ICPR},
    publisher = {IEEE Computer Society},
    year = {2012},
    month = {November},
    pages = {2087--2090},
    address = {Tsukuba, Japan},
}

% VCCS Superpixels
@inproceedings{PaponAbramovSchoelerWoergoetter:2013,
    author = {J. Papon and A. Abramov and M. Schoeler and F. W{\"o}rg{\"o}tter},
    title = {Voxel Cloud Connectivity Segmentation - Supervoxels for Point Clouds},
    FULLbooktitle = {Computer Vision and Pattern Recognition, Conference on},
    booktitle = {CVPR},
    publisher = {IEEE Computer Society},
    year = {2013},
    month = {June},
    pages = {2027--2034},
    address = {Portland, Oregon},
}

% Contour-Relaxed Superpixels
@incollection{MesterConradGuevara:2011,
    author = {R. Mester and C. Conrad and A. Guevara},
    title = {Multichannel Segmentation Using Contour Relaxation: Fast Super-Pixels and Temporal Propagation},
    location = {Ystad, Sweden},
    month = {May},
    year = {2011},
    FULLbooktitle = {Image Analysis, Scandinavian Conference on},
    booktitle = {SCIA},
    volume = {6688},
    FULLseries = {Lecture Notes in Computer Science},
    series = {LNCS},
    publisher = {Springer},
    pages = {250-261},
    address = {Berlin, Heidelberg, Germany},
    editor = {A. Heyden and F. Kahl},
}

% Topology Preserved Superpixels
@inproceedings{DaiTangHuazhaFuXiaochunCao:2012, 
	author = {D. Tang and H. Fu and X. Cao}, 
	FULLbooktitle = {Multimedia and Expo, International Conference on},
	booktitle = {ICME},
	publisher = {IEEE Computer Society},
	title = {Topology Preserved Regular Superpixel}, 
	year = {2012}, 
	month = {July}, 
	pages = {765--768},
	address = {Melbourne, Australia},
}

% Homogeneous Superpixels (from Random Walks)
@inproceedings{PerbetStengerMaki:2012,
    author = {F. Perbet and A. Maki},
    title = {Homogeneous Superpixels from Random Walks},
    FULLbooktitle = {Machine Vision and Applications, Conference on},
    booktitle = {(IAPR) MVA},
    publisher = {},
    year = {2011},
    month = {June},
    pages = {26--30},
    address = {Nara, Japan},
}

% Superpixels Using Morphology
@inproceedings{MalladiRamRodriguez:2014, 
	author = {S. R. S. P. Malladi and S. Ram and J. J. Rodriguez}, 
	FULLbooktitle = {Image Analysis and Interpretation, Symposium on},
	booktitle = {SSIAI},
	publisher = {IEEE Computer Society},
	title = {Superpixels using morphology for rock image segmentation}, 
	year = {2014}, 
	month = {April}, 
	pages = {145--148},
	address = {San Diego, CA},
}

% Regularity Preserved Superpixels and Supervoxels
@article{HuazhuFuXiaochunCaoDaiTangYahongHanDongXu:2014, 
	author = {H. Fu and X. Cao and D. Tang and Y. Han and D. Xu}, 
	FULLjournal = {Multimedia, Transactions on},
	journal = {IEEE Trans. Mult.},
	publisher = {IEEE Computer Society},
	address = {Washington, DC},
	title = {Regularity Preserved Superpixels and Supervoxels}, 
	year = {2014}, 
	month = {June}, 
	volume = {16}, 
	number = {4}, 
	pages = {1165--1175},
}

% Superpixels from Strong Paths
@inproceedings{DruckerMacCormick:2009, 
	author = {F. Drucker and J. {MacCormick}}, 
	FULLbooktitle = {Motion and Video Computing, Workshop on}, 
	booktitle = {WMVC},
	publisher = {IEEE Computer Society},
	title = {Fast superpixels for video analysis}, 
	year = {2009}, 
	month={December}, 
	pages={1--8},
	address = {Snowbird, Utah},
}

% Grid Seams
@inproceedings{SivaWong:2014, 
	author = {P. Siva and A. Wong}, 
	FULLbooktitle = {Computer and Robot Vision, Canadian Conference on},
	booktitle = {CRV}, 
	publisher = {IEEE Computer Society},
	title = {Grid Seams: A Fast Superpixel Algorithm for Real-Time Applications}, 
	year = {2014}, 
	month = {May}, 
	pages = {127--134},
	address = {Montreal, Canada},
}

% Efficient Image Segmentation Using Pairwise Pixel Similarities
@incollection{RohkohlEngel:2007,
    month = {September},
	year = {2007},
	booktitle = {Pattern Recognition},
	volume = {4713},
	FULLseries = {Lecture Notes in Computer Science},
	series = {LNCS},
	title = {Efficient Image Segmentation Using Pairwise Pixel Similarities},
	publisher = {Springer},
	address = {Berlin, Heidelberg, Germany},
	author = {C. Rohkohl and K. Engel},
	pages = {254--263},
	editor={F. A.Hamprecht and C. Schnörr and B. Jähne},
}

% ============================================================
% benchmark and comparison \/

% Compactness Measure (CO)
@inproceedings{SchickFischerStiefelhagen:2012,
    author = {A. Schick and M. Fischer and R. Stiefelhagen},
    title = {Measuring and Evaluating the Compactness of Superpixels},
    FULLbooktitle = {Pattern Recognition, International Conference on},
    booktitle = {ICPR},
    publisher = {IEEE Computer Society},
    year = {2012},
    month = {November},
    pages = {930--934},
    address = {Tsukuba, Japan},
}

% Superpixels Benchmark and Comparison
@inproceedings{NeubertProtzel:2012,
    author = {P. Neubert and P. Protzel},
    title = {Superpixel Benchmark and Comparison},
    booktitle = {Forum Bildverarbeitung},
    year = {2012},
    month = {November},
    address = {Regensburg, Germany},
}

% SLIC Compared to State-Of-The-Art
@article{AchantaShajiSmithLucchiFuaSuesstrunk:2012,
    author = {R. Achanta and A. Shaji and K. Smith and A. Lucchi and P. Fua and S. S{\"u}sstrunk},
    title = {{SLIC} Superpixels Compared to State-of-the-Art Superpixel Methods},
    FULLjournal = {Pattern Analysis and Machine Intelligence, Transactions on},
    journal = {IEEE Trans. Pattern Anal. Mach. Intell.},
    publisher = {IEEE Computer Society},
    address = {Washington, DC},
    volume = {34},
    number = {11},
    year = {2012},
    month = {November},
    pages = {2274--2281},
}

% ============================================================
% datasets \/

% Precision-Recall Framework
@article{MartinFowlkesMalik:2004, 
	author = {D. Martin and C. Fowlkes and J. Malik}, 
	FULLjournal = {Pattern Analysis and Machine Intelligence, Transactions on},
	journal = {IEEE Trans. Pattern Anal. Mach. Intell.},
	publisher = {IEEE Computer Society},
    address = {Washington, DC},
	title = {Learning to detect natural image boundaries using local brightness, color, and texture cues}, 
	year = {2004}, 
	month = {May}, 
	volume = {26}, 
	number = {5}, 
	pages = {530--549},
}

% BSDS500
% OWT-UCM
@article{ArbelaezMaireFowlkesMalik:2011, 
	author = {P. Arbel{\'a}ez and M. Maire and C. Fowlkes and J. Malik}, 
	FULLjournal = {Pattern Analysis and Machine Intelligence, Transactions on},
	journal = {IEEE Trans. Pattern Anal. Mach. Intell.},
	publisher = {IEEE Computer Society},
	address = {Washington, DC},
	title = {Contour Detection and Hierarchical Image Segmentation}, 
	year = {2011}, 
	month = {May}, 
	volume = {33}, 
	number = {5}, 
	pages = {898--916},
}

% NYU Depth V2
% Application of OWT-UCM
@inproceedings{SilbermanHoiemKohliFergus:2012,
 	author = {N. Silberman and D. Hoiem and P. Kohli and R. Fergus},
 	title = {Indoor Segmentation and Support Inference from {RGBD} Images},
 	FULLbooktitle = {Computer Vision, European Conference on},
 	booktitle = {ECCV},
 	volume={7576},
 	location = {Florence, Italy},
	FULLseries={Lecture Notes in Computer Science},
	series = {LNCS},
	month = {October},
 	year = {2012},
 	pages = {746--760},
 	publisher={Springer},
 	address = {Berlin, Heidelberg, Germany},
 	editor = {A. Fitzgibbon and S. Lazebnik and P. Perona and Y. Sato and C. Schmid, C. },
}

% ============================================================
% applications \/

% Superpixel Tracking
@inproceedings{ShuWangHuchuanLuFanYangMingHsuanYang:2011, 
	author = {S. Wang and H. Lu and F. Yang and M.-H. Yang}, 
	FULLbooktitle = {Computer Vision, International Conference on},
	booktitle = {ICCV},
	publisher = {IEEE Computer Society},
	title = {Superpixel tracking}, 
	year = {2011}, 
	month = {November}, 
	pages = {1323--1330},
	address = {Barcelona, Spain},
}

% Stereo and Occlusion
@inproceedings{YuhangZhangHartleyMashfordBurn:2011, 
	author = {Yuhang Zhang and R. Hartley and J. Mashford and S. Burn}, 
	FULLbooktitle={Digital Image Computing Techniques and Applications, International Conference on},
	booktitle = {DICTA},
	publisher = {IEEE Computer Society},
	title = {Superpixels, Occlusion and Stereo}, 
	year = {2011}, 
	month = {December}, 
	pages = {84--91},
	address = {Noosa, Australia},
}

@inproceedings{GuptaArbelaezMalik:2013, 
	author = {S. Gupta and P. Arbel{\'a}ez and J. Malik}, 
	FULLbooktitle = {Computer Vision and Pattern Recognition, Conference on},
	booktitle = {CVPR},
	publisher = {IEEE Computer Society},
	title = {Perceptual Organization and Recognition of Indoor Scenes from {RGB-D} Images}, 
	year = {2013}, 
	month = {June}, 
	pages = {564--571},
	address = {Portland, Oregon},
}

% SuperParsing
@incollection{TigheLazebnik:2010,
	year = {2010},
	FULLbooktitle = {Computer Vision, European Conference on},
	booktitle = {ECCV},
	location = {Heraklion, Greece},
	volume = {6315},
	FULLseries = {Lecture Notes in Computer Science},
	series = {LNCS},
	title = {{SuperParsing}: Scalable Nonparametric Image Parsing with Superpixels},
	publisher = {Springer},
	address = {Berlin, Heidelberg, Germany},
	author = {J. Tighe and S. Lazebnik},
	pages = {352--365},
	editor = {K. Daniilidis and P. Maragos and N. Paragios},
}

% VideoSEEDS
@inproceedings{VanDenBerghRoigBoixManenVanGool:2013, 
	author = {M. van den Bergh and G. Roig and X. Boix and S. Manen and L. van Gool}, 
	FULLbooktitle = {Computer Vision, International Conference on},
	booktitle = {ICCV},
	publisher = {IEEE Computer Society},
	title = {Online Video SEEDS for Temporal Window Objectness}, 
	year = {2013}, 
	month = {December}, 
	pages = {377--384},
	address = {Sydney, Australia},
}

% ============================================================
% misc papers \/

% \alpha-expansion
@article{BoykovVekslerZabih:2001, 
	author = {Y. Boykov and O. Veksler and R. Zabih}, 
	FULLjournal = {Pattern Analysis and Machine Intelligence, Transactions on},
	journal = {IEEE Trans. Pattern Anal. Mach. Intell.},
	publisher = {IEEE Computer Society},
    address = {Washington, DC},
	title = {Fast approximate energy minimization via graph cuts}, 
	year = {2001}, 
	month = {November}, 
	volume = {23}, 
	number = {11}, 
	pages = {1222--1239},
}

% NYU pre-processing
@incollection{RenBo:2012,
	title = {Discriminatively Trained Sparse Code Gradients for Contour Detection},
	author = {X. Ren and L. Bo},
	FULLbooktitle = {Advances in Neural Information Processing Systems},
	booktitle = {NIPS},
	location = {Lake Tahoe, Nevada},
	volume = {25},
	pages = {584--592},
	month = {December},
	year = {2012},
	publisher = {Curran Associates},
	address = {Red Hook, New York},
	editor = {P. L. Bartlett and F. C. N. Pereira and C. J. C. Burges and L. Bottou and K. Q. Weinberger},
}
